<?xml version="1.0" encoding="UTF-8"?><collection xmlns="http://www.loc.gov/MARC21/slim"><record><leader>00676nam--2200229-u-4500</leader><controlfield tag="001">000050495</controlfield><controlfield tag="002">20161230</controlfield><controlfield tag="003">81843</controlfield><controlfield tag="005">20161230201048</controlfield><controlfield tag="008">070529s1000------------r-----000-0-eng-d</controlfield><datafield ind1=" " ind2=" " tag="020"><subfield code="a">1402031386</subfield></datafield><datafield ind1=" " ind2=" " tag="040"><subfield code="a">IFIN-HH</subfield></datafield><datafield ind1=" " ind2=" " tag="080"><subfield code="a">548</subfield></datafield><datafield ind1="1" ind2=" " tag="100"><subfield code="a">Hall, Sydney</subfield></datafield><datafield ind1="1" ind2="0" tag="245"><subfield code="a">Definition and exchange of crystallographic data</subfield><subfield code="b">International data tables for crystallography vol.g</subfield><subfield code="c">Sydney hall, brian mcmahon (eds.)</subfield></datafield><datafield ind1=" " ind2=" " tag="250"><subfield code="a">First Edition</subfield></datafield><datafield ind1=" " ind2=" " tag="260"><subfield code="a">Dordrecht</subfield><subfield code="b">Springer</subfield><subfield code="c">2005</subfield></datafield><datafield ind1=" " ind2=" " tag="300"><subfield code="a">591 p</subfield></datafield><datafield ind1=" " ind2=" " tag="490"><subfield code="a">International Data Tables For Crystallography</subfield><subfield code="v">Vol.G</subfield></datafield><datafield ind1="1" ind2=" " tag="700"><subfield code="a">Mcmahon, Brian</subfield><subfield code="e">Ed</subfield></datafield><datafield ind1=" " ind2=" " tag="852"><subfield code="c">548</subfield></datafield><datafield ind1=" " ind2=" " tag="CAT"><subfield code="a">Sys</subfield><subfield code="c">20140227</subfield><subfield code="h">140945</subfield></datafield></record></collection>